<record><leader>00000cas a22000007a 4500</leader><controlfield tag="001">23149606</controlfield><controlfield tag="008">910225d19891996gauwr ne      0   a0eng c</controlfield><datafield ind1=" " ind2=" " tag="010"><subfield code="a">sn 91099105 </subfield></datafield><datafield ind1=" " ind2=" " tag="040"><subfield code="a">NLG</subfield><subfield code="b">eng</subfield><subfield code="c">NLG</subfield><subfield code="d">NSD</subfield><subfield code="d">NLG</subfield><subfield code="d">OCLCQ</subfield><subfield code="d">GUA</subfield><subfield code="d">OCLCQ</subfield><subfield code="d">OCLCF</subfield><subfield code="d">OCLCO</subfield></datafield><datafield ind1=" " ind2=" " tag="012"><subfield code="m">1</subfield></datafield><datafield ind1="1" ind2=" " tag="022"><subfield code="a">1064-6876</subfield><subfield code="l">1064-6876</subfield><subfield code="2">1</subfield></datafield><datafield ind1="1" ind2=" " tag="029"><subfield code="a">AU@</subfield><subfield code="b">000025877559</subfield></datafield><datafield ind1=" " ind2=" " tag="032"><subfield code="a">008746</subfield><subfield code="b">USPS</subfield></datafield><datafield ind1=" " ind2=" " tag="037"><subfield code="b">Lake Oconee Free Press, PO Drawer 191, Madison, GA 30650</subfield></datafield><datafield ind1=" " ind2=" " tag="042"><subfield code="a">pcc</subfield><subfield code="a">nsdp</subfield></datafield><datafield ind1=" " ind2=" " tag="043"><subfield code="a">n-us-ga</subfield></datafield><datafield ind1=" " ind2="0" tag="222"><subfield code="a">Lake Oconee free press</subfield></datafield><datafield ind1="0" ind2="4" tag="245"><subfield code="a">The Lake Oconee free press.</subfield></datafield><datafield ind1=" " ind2=" " tag="260"><subfield code="a">Madison, Ga. :</subfield><subfield code="b">Graham Ponder,</subfield><subfield code="c">1989-1996.</subfield></datafield><datafield ind1=" " ind2=" " tag="300"><subfield code="a">v.</subfield></datafield><datafield ind1=" " ind2=" " tag="310"><subfield code="a">Weekly</subfield></datafield><datafield ind1="0" ind2=" " tag="362"><subfield code="a">Vol. 1, no. 1 (May 15, 1989)-v. 7, no. 17 (Apr. 27, 1996).</subfield></datafield><datafield ind1=" " ind2=" " tag="530"><subfield code="a">Also on microfilm: Athens, Ga. : University of Georgia Libraries.</subfield></datafield><datafield ind1=" " ind2="0" tag="651"><subfield code="a">Madison (Ga.)</subfield><subfield code="v">Newspapers.</subfield></datafield><datafield ind1=" " ind2="0" tag="651"><subfield code="a">Morgan County (Ga.)</subfield><subfield code="v">Newspapers.</subfield></datafield><datafield ind1=" " ind2="7" tag="655"><subfield code="a">Newspapers.</subfield><subfield code="2">fast</subfield><subfield code="0">(OCoLC)fst01423814</subfield></datafield><datafield ind1=" " ind2="7" tag="651"><subfield code="a">Georgia</subfield><subfield code="z">Madison.</subfield><subfield code="2">fast</subfield><subfield code="0">(OCoLC)fst01220280</subfield></datafield><datafield ind1=" " ind2="7" tag="651"><subfield code="a">Georgia</subfield><subfield code="z">Morgan County.</subfield><subfield code="2">fast</subfield><subfield code="0">(OCoLC)fst01212298</subfield></datafield><datafield ind1=" " ind2=" " tag="752"><subfield code="a">United States</subfield><subfield code="b">Georgia</subfield><subfield code="c">Morgan</subfield><subfield code="d">Madison.</subfield></datafield><datafield ind1=" " ind2=" " tag="752"><subfield code="a">United States</subfield><subfield code="b">Georgia</subfield><subfield code="c">Putnam.</subfield></datafield><datafield ind1="0" ind2="0" tag="785"><subfield code="t">Lake Oconee breeze</subfield><subfield code="w">(DLC)sn 98063006</subfield><subfield code="w">(OCoLC)38747402</subfield></datafield></record>